% Encoding: UTF-8

@InProceedings{yang2008ilp,
  author    = {Yang, Hoeseok and Ha, Soonhoi},
  title     = {ILP based data parallel multi-task mapping/scheduling technique for MPSoC},
  booktitle = {SoC Design Conference},
  year      = {2008},
}

@Article{DBLP:journals/jcp/YaoZW14,
  author  = {Yingbiao Yao and Guangpei Zhao and Xuan Wang},
  title   = {An {ILP}-based {DMA} Data Transmission Optimization Algorithm for {MPSoC}},
  journal = {{JCP}},
  year    = {2014},
  volume  = {9},
  number  = {10},
  pages   = {2461--2466},
}

@Article{tetzlaffintelligent,
  author = {Tetzlaff, Dirk},
  title  = {Intelligent Task Mapping for MPSoCs using Machine Learning},
  book   = {3rd Workshop on Mapping of Applications to MPSoCs},
  time   = {July,2010},
}

@Article{Tetzlaff,
  author  = {Tetzlaff, Dirk.},
  title   = {Intelligent Task Mapping for MPSoCs using Machine Learning},
  journal = {Group Software Eng. for Embedded Syst.},
  year    = {2010},
}

@InProceedings{cotton2011multi,
  author    = {Cotton, Scott and Maler, Oded and Legriel, Julien and Saidi, Selma},
  title     = {Multi-criteria optimization for mapping programs to multi-processors},
  booktitle = {SIES},
  year      = {2011},
  pages     = {9--17},
}

@InProceedings{Yang2009,
  author    = {Yang, Hoeseok and Ha, Soonhoi},
  title     = {Pipelined Data Parallel Task Mapping/Scheduling Technique for {MPSoC}},
  booktitle = {DATE},
  year      = {2009},
  pages     = {69--74},
  numpages  = {6},
}

@Article{konak2006multi,
  author    = {Konak, Abdullah and Coit, David W and Smith, Alice E},
  title     = {Multi-objective optimization using genetic algorithms: A tutorial},
  journal   = {Reliability Engineering \& System Safety},
  year      = {2006},
  volume    = {91},
  number    = {9},
  pages     = {992--1007},
  publisher = {Elsevier},
}

@Article{HuangYYZYBJF15,
  author  = {Kai Huang and Min Yu and Rongjie Yan and Xiaomeng Zhang and Xiaolang Yan and Lisane B. de Brisolara and Ahmed Amine Jerraya and Jiong Feng},
  title   = {Communication Optimizations for Multithreaded Code Generation from Simulink Models},
  journal = {{ACM} Trans. Embedded Comput. Syst.},
  year    = {2015},
  volume  = {14},
  number  = {3},
  pages   = {59},
}

@InProceedings{kang2012multi,
  author       = {Kang, Shin-Haeng and Yang, Hoeseok and Schor, Lars and Bacivarov, Iuliana and Ha, Soonhoi and Thiele, Lothar},
  title        = {Multi-objective mapping optimization via problem decomposition for many-core systems},
  booktitle    = {ESTIMedia},
  year         = {2012},
  pages        = {28--37},
  organization = {IEEE},
}

@InProceedings{legriel2010approximating,
  author       = {Legriel, Julien and Le Guernic, Colas and Cotton, Scott and Maler, Oded},
  title        = {Approximating the pareto front of multi-criteria optimization problems},
  booktitle    = {TACAS},
  year         = {2010},
  pages        = {69--83},
  organization = {Springer},
}

@Article{lin2012communication,
  author    = {Lin, Jing and Gerstlauer, Andreas and Evans, Brian L},
  title     = {Communication-aware heterogeneous multiprocessor mapping for real-time streaming systems},
  journal   = {Journal of Signal Processing Systems},
  year      = {2012},
  volume    = {69},
  number    = {3},
  pages     = {279--291},
  publisher = {Springer},
}

@Article{IEICE14,
  author  = {Kai Huang and Min Yu and Xiaomeng Zhang and Dan{-}dan Zheng and Siwen Xiu and Rongjie Yan and Kai Huang and Zhili Liu and Xiaolang Yan},
  title   = {{ILP} Based Multithreaded Code Generation for Simulink Model},
  journal = {{IEICE} Trans.},
  year    = {2014},
  volume  = {97-D},
  number  = {12},
  pages   = {3072--3082},
}

@InProceedings{FM15,
  author    = {Xueyang Zhu and Rongjie Yan and Yu{-}Lei Gu and Jian Zhang and Wenhui Zhang and Guangquan Zhang},
  title     = {Static Optimal Scheduling for Synchronous Data Flow Graphs with Model Checking},
  booktitle = {FM},
  year      = {2015},
  pages     = {551--569},
}

@InProceedings{thiele2007mapping,
  author    = {Thiele, Lothar and Bacivarov, Iuliana and Haid, Wolfgang and Huang, Kai},
  title     = {Mapping applications to tiled multiprocessor embedded systems},
  booktitle = {ACSD},
  year      = {2007},
  pages     = {29--40},
}

@Article{yassa2013genetic,
  author    = {Yassa, Sonia and Sublime, J{\'e}r{\'e}mie and Chelouah, Rachid and Kadima, Hubert and Jo, Geun-Sik and Granado, Bertrand},
  title     = {A genetic algorithm for multi-objective optimisation in workflow scheduling with hard constraints},
  journal   = {International Journal of Metaheuristics},
  year      = {2013},
  volume    = {2},
  number    = {4},
  pages     = {415--433},
  publisher = {Inderscience Publishers Ltd},
}

@InProceedings{kessler2009optimized,
  author    = {Kessler, Christoph W and Keller, J{\"o}rg},
  title     = {Optimized mapping of pipelined task graphs on the {Cell} {BE}},
  booktitle = {CPC},
  year      = {2009},
}

@InProceedings{wang2014case,
  author       = {Wang, Zhe and Liu, Weichen and Xu, Jiang and Li, Bin and Iyer, Ravi and Illikkal, Ramesh and Wu, Xiaowen and Mow, Wai Ho and Ye, Wenjing},
  title        = {A case study on the communication and computation behaviors of real applications in NoC-based MPSoCs},
  booktitle    = {ISVLSI},
  year         = {2014},
  pages        = {480--485},
  organization = {IEEE},
}

@Article{Ishibuchi98,
  author   = {H. Ishibuchi and T. Murata},
  title    = {A multi-objective genetic local search algorithm and its application to flowshop scheduling},
  journal  = {IEEE Transactions on Systems, Man, and Cybernetics, Part C (Applications and Reviews)},
  year     = {1998},
  volume   = {28},
  number   = {3},
  pages    = {392-403},
  month    = {Aug},
  doi      = {10.1109/5326.704576},
  issn     = {1094-6977},
  keywords = {genetic algorithms;production control;scheduling;search problems;crossover;fitness function;flowshop scheduling;genetic operations;hybrid algorithm;local search procedure;multi objective flowshop scheduling problems;multi objective genetic local search algorithm;multi objective optimization problem;multiple objectives;mutation operations;neighborhood solutions;nondominated solutions;parent solutions;weight values;weight vector;weighted sum;Genetic algorithms;Genetic mutations;Industrial engineering;Job shop scheduling;Modeling;Processor scheduling;Scheduling algorithm;Simulated annealing;Systems engineering and theory;Traveling salesman problems},
}

@Article{deb2002fast,
  author    = {Deb, Kalyanmoy and Pratap, Amrit and Agarwal, Sameer and Meyarivan, TAMT},
  title     = {A fast and elitist multiobjective genetic algorithm: {NSGA-II}},
  journal   = { IEEE Trans. Evol. Comput.},
  year      = {2002},
  volume    = {6},
  number    = {2},
  pages     = {182--197},
  publisher = {IEEE},
}

@incollection{lourencco2003iterated,
  title={Iterated local search},
  author={Louren{\c{c}}o, Helena R and Martin, Olivier C and St{\"u}tzle, Thomas},
  booktitle={Handbook of metaheuristics},
  pages={320--353},
  year={2003},
  publisher={Springer},
}

@article{hansen2003variable,
  title={Variable neighbourhood search},
  author={Hansen, Pierre and Mladenovic, Nenad and P{\'e}rez, Jose Andr{\'e}s Moreno},
  journal={Inteligencia Artificial, Revista Iberoamericana de Inteligencia Artificial},
  volume={19},
  pages={77--92},
  year={2003},
}

@InProceedings{moalic2013fast,
  author       = {Moalic, Laurent and Caminada, Alexandre and Lamrous, Sid},
  title        = {A fast local search approach for multiobjective problems},
  booktitle    = {LIOC},
  year         = {2013},
  pages        = {294--298},
  organization = {Springer},
}

@article{moscato1992memetic,
  title={A memetic approach for the traveling salesman problem implementation of a computational ecology for combinatorial optimization on message-passing systems},
  author={Moscato, Pablo and Norman, Michael G},
  journal={Parallel computing and transputer applications},
  volume={1},
  pages={177--186},
  year={1992},
  publisher={Amsterdam: IOS Press},
}

@Article{atienza2008,
  author    = {Atienza, David and Angiolini, Federico and Murali, Srinivasan and Pullini, Antonio and Benini, Luca and De Micheli, Giovanni},
  title     = {Network-on-Chip design and synthesis outlook},
  journal   = {INTEGRATION, the VLSI journal},
  year      = {2008},
  volume    = {41},
  number    = {3},
  pages     = {340--359},
  publisher = {Elsevier},
}

@InProceedings{wang2016two,
  author    = {Wang, Yiyuan and Cai, Shaowei and Yin, Minghao},
  title     = {Two efficient local search algorithms for maximum weight clique problem},
  booktitle = {AAAI},
  year      = {2016},
  pages     = {805--811},
}

@book{winston2003introduction,
  title={Introduction to mathematical programming},
  author={Winston, Wayne L and Venkataramanan, Munirpallam and Goldberg, Jeffrey B},
  volume={1},
  year={2003},
  publisher={Thomson/Brooks/Cole Duxbury; Pacific Grove, CA}
}
@article{zitzler2003performance,
  title={Performance assessment of multiobjective optimizers: an analysis and review},
  author={Zitzler, Eckart and Thiele, Lothar and Laumanns, Marco and Fonseca, Carlos M and Da Fonseca, Viviane Grunert},
  journal={IEEE Trans. Evol. Comput.},
  volume={7},
  number={2},
  pages={117--132},
  year={2003},
  publisher={IEEE}
}
%NoC
@inproceedings{huang2011energy,
  title={Energy-aware task allocation for network-on-chip based heterogeneous multiprocessor systems},
  author={Huang, Jia and Buckl, Christian and Raabe, Andreas and Knoll, Alois},
  booktitle={Parallel, Distributed and Network-Based Processing (PDP), 2011 19th Euromicro International Conference on},
  pages={447--454},
  year={2011},
  organization={IEEE}
}

@inproceedings{tino2011multi,
  title={Multi-objective tabu search based topology generation technique for application-specific network-on-chip architectures},
  author={Tino, Anita and Khan, Gul N},
  booktitle={Design, Automation \& Test in Europe Conference \& Exhibition (DATE), 2011},
  pages={1--6},
  year={2011},
  organization={IEEE}
}

@inproceedings{hu2003energy,
  title={Energy-aware mapping for tile-based NoC architectures under performance constraints},
  author={Hu, Jingcao and Marculescu, Radu},
  booktitle={Proceedings of the 2003 Asia and South Pacific Design Automation Conference},
  pages={233--239},
  year={2003},
  organization={ACM}
}

@inproceedings{lei2010energy,
  title={Energy-and latency-aware noc mapping based on chaos discrete particle swarm optimization},
  author={Lei, Wang and Xiang, Ling},
  booktitle={Communications and Mobile Computing (CMC), 2010 International Conference on},
  volume={1},
  pages={263--268},
  year={2010},
  organization={IEEE}
}

@inproceedings{agrawal2010efficient,
  title={An efficient energy-and bandwidth-aware mapping algorithm for regular noc architecture},
  author={Agrawal, Saurabh and Sant, Dhawal and Sharma, GK},
  booktitle={Proceedings of the Third International Workshop on Network on Chip Architectures},
  pages={51--55},
  year={2010},
  organization={ACM}
}

@incollection{nedjah2014application,
  title={Application Mapping in Network-on-Chip Using Evolutionary Multi-objective Optimization},
  author={Nedjah, Nadia and de Macedo Mourelle, Luiza},
  booktitle={Hardware for Soft Computing and Soft Computing for Hardware},
  pages={155--171},
  year={2014},
  publisher={Springer}
}

@article{chai2014list,
  title={A List Simulated Annealing Algorithm for Task Scheduling on Network-on-Chip.},
  author={Chai, Song and Li, Yubai and Wang, Jian and Wu, Chang},
  journal={JCP},
  volume={9},
  number={1},
  pages={176--182},
  year={2014}
}

@article{yang2016application,
  title={Application mapping and scheduling for network-on-chip-based multiprocessor system-on-chip with fine-grain communication optimization},
  author={Yang, Lei and Liu, Weichen and Jiang, Weiwen and Li, Mengquan and Yi, Juan and Sha, Edwin Hsing-Mean},
  journal={IEEE Transactions on Very Large Scale Integration (VLSI) Systems},
  volume={24},
  number={10},
  pages={3027--3040},
  year={2016},
  publisher={IEEE}
}

@article{agyeman2016performance,
  title={Performance and energy aware inhomogeneous 3d networks-on-chip architecture generation},
  author={Agyeman, Michael Opoku and Ahmadinia, Ali and Bagherzadeh, Nader},
  journal={IEEE Transactions on Parallel and Distributed Systems},
  volume={27},
  number={6},
  pages={1756--1769},
  year={2016},
  publisher={IEEE}
}

@article{deb2016energy,
  title={Energy-Efficient Network-on-Chip Architectures for Multi-Core Systems},
  author={Deb, Sujay},
  journal={Handbook of Energy-Aware and Green Computing-Two Volume Set},
  pages={21},
  year={2016},
  publisher={CRC Press}
}

@article{hu2005,
  title={Energy-and performance-aware mapping for regular NoC architectures},
  author={Hu, Jingcao and Marculescu, Radu},
  journal={IEEE Transactions on computer-aided design of integrated circuits and systems},
  volume={24},
  number={4},
  pages={551--562},
  year={2005},
  publisher={IEEE}
}

@inproceedings{bhardwaj2009energy,
  title={Energy and bandwidth aware mapping of IPs onto regular NoC architectures using multi-objective genetic algorithms},
  author={Bhardwaj, Kshitij and Jena, Rabindra K},
  booktitle={System-on-Chip, 2009. SOC 2009. International Symposium on},
  pages={027--031},
  year={2009},
  organization={IEEE}
}

@inproceedings{chou2008contention,
  title={Contention-aware application mapping for network-on-chip communication architectures},
  author={Chou, Chen-Ling and Marculescu, Radu},
  booktitle={Computer Design, 2008. ICCD 2008. IEEE International Conference on},
  pages={164--169},
  year={2008},
  organization={IEEE}
}

@article{yang2016,
  title={Application mapping and scheduling for network-on-chip-based multiprocessor system-on-chip with fine-grain communication optimization},
  author={Yang, Lei and Liu, Weichen and Jiang, Weiwen and Li, Mengquan and Yi, Juan and Sha, Edwin Hsing-Mean},
  journal={IEEE Transactions on Very Large Scale Integration (VLSI) Systems},
  volume={24},
  number={10},
  pages={3027--3040},
  year={2016},
  publisher={IEEE}
}

@inproceedings{hung2004thermal,
  title={Thermal-aware IP virtualization and placement for networks-on-chip architecture},
  author={Hung, Wei and Addo-Quaye, Charles and Theocharides, Theo and Xie, Yuan and Vijakrishnan, N and Irwin, Mary Jane},
  booktitle={Computer Design: VLSI in Computers and Processors, 2004. ICCD 2004. Proceedings. IEEE International Conference on},
  pages={430--437},
  year={2004},
  organization={IEEE}
}


@article{yang2014effective,
  title={Effective task scheduling and IP mapping algorithm for heterogeneous NoC-based MPSoC},
  author={Yang, Peng-Fei and Wang, Quan},
  journal={Mathematical Problems in Engineering},
  volume={2014},
  year={2014},
  publisher={Hindawi Publishing Corporation}
}

@inproceedings{murali2004bandwidth,
  title={Bandwidth-constrained mapping of cores onto NoC architectures},
  author={Murali, Srinivasan and De Micheli, Giovanni},
  booktitle={Proceedings of the conference on Design, automation and test in Europe-Volume 2},
  pages={20896},
  year={2004},
  organization={IEEE Computer Society}
}

@article{bolanos2013uml,
  title={From UML specifications to mapping and scheduling of tasks into a NoC, with reliability considerations},
  author={Bolanos, Freddy and Rivera, Fredy and Aedo, Jose Edison and Bagherzadeh, Nader},
  journal={Journal of Systems Architecture},
  volume={59},
  number={7},
  pages={429--440},
  year={2013},
  publisher={Elsevier}
}

@article{he2012unism,
  title={UNISM: Unified scheduling and mapping for general networks on chip},
  author={He, Ou and Dong, Sheqin and Jang, Wooyoung and Bian, Jinian and Pan, David Z},
  journal={IEEE Transactions on Very Large Scale Integration (VLSI) Systems},
  volume={20},
  number={8},
  pages={1496--1509},
  year={2012},
  publisher={IEEE}
}

@inproceedings{ali2013critical,
  title={Critical-Path-First based allocation of real-time streaming applications on 2D mesh-type multi-cores},
  author={Ali, Hazem Ismail Abdel Aziz and Pinho, Lu{\'\i}s Miguel and Akesson, Benny},
  booktitle={Embedded and Real-Time Computing Systems and Applications (RTCSA), 2013 IEEE 19th International Conference on},
  pages={201--208},
  year={2013},
  organization={IEEE}
}

@article{mehran2007spiral,
  title={Spiral: A heuristic mapping algorithm for network on chip},
  author={Mehran, Armin and Saeidi, Samira and Khademzadeh, Ahmad and Afzali-Kusha, Ali},
  journal={IEICE Electronics Express},
  volume={4},
  number={15},
  pages={478--484},
  year={2007},
  publisher={The Institute of Electronics, Information and Communication Engineers}
}
@article{laumanns2002combining,
  title={Combining convergence and diversity in evolutionary multiobjective optimization},
  author={Laumanns, Marco and Thiele, Lothar and Deb, Kalyanmoy and Zitzler, Eckart},
  journal={Evolutionary computation},
  volume={10},
  number={3},
  pages={263--282},
  year={2002},
  publisher={MIT Press}
}
@article{zang2015energy,
  title={Energy and Thermal Aware Mapping for NoC Using Non-dominated Sorting Genetic Algorithm II},
  author={Zang, Mingxiang and Ye, Qiuju and Liu, Huimi},
  journal={JOURNAL OF INFORMATION \&COMPUTATIONAL SCIENCE},
  volume={12},
  number={1},
  pages={201--209},
  year={2015}
}

@Comment{jabref-meta: databaseType:bibtex;}
